@online{uwmi-libraries-gis,
  author = {University of Wisconsin-Madison Libraries},
  title = {What is GIS? - Mapping and Geographic Information Systems (GIS)},
  year = {2023},
  url = {https://researchguides.library.wisc.edu/c.php?g=178144&p=1169699},
  urldate = {2023-11-14},
}

@online{grindgis-gis,
  author = {Grindgis},
  title = {What is GIS - Definition?},
  year = {2023},
  url = {https://grindgis.com/what-is-gis/what-is-gis-definition},
  urldate = {2023-11-17},
}

@online{andrews-who-invented-the-internet,
  author = {Andrews, E.},
  title = {Who Invented the Internet?},
  year = {2019},
  url = {https://www.history.com/news/who-invented-the-internet},
  urldate = {2023-11-17},
}

@book{abbate-internet,
  author = {Abbate, J.},
  title = {Internet: Su evolución y sus desafíos},
  year = {2023},
  publisher = {Editorial Ariel},
}

@book{fu-getting-to-know-web-gis,
  author = {Fu, P.},
  title = {Getting to know Web GIS (Third Edition)},
  year = {2018},
  publisher = {Esri Press},
  
}

@online{andorra-visor-de-mapas,
  author = {d'Andorra, G.},
  title = {Visor de mapas},
  year = {2023},
  url = {https://www.cartografia.ad/visor-de-mapas},
  urldate = {2023-11-30},
}

@online{panorama-sig-libre-servidores,
  author = {M. A. d. R. @. J. S. @. Alejandro Díaz @alediator},
  title = {Servidores y Panorama del SIG Libre},
  year = {2023},
  url = {https://panorama-sig-libre.readthedocs.io/latest/servidores/},
  urldate = {2023-11-30},  
}
